
@article{baccini_estimated_2012,
	title = {Estimated carbon dioxide emissions from tropical deforestation improved by carbon-density maps},
	volume = {2},
	issn = {1758-678X, 1758-6798},
	url = {http://tiles.arcgis.com/tiles/tWF28TdwCm3ZaV7m/arcgis/rest/services/PantropicBiomassFull/MapServer},
	doi = {10.1038/nclimate1354},
	number = {3},
	urldate = {2015-01-28},
	journal = {Nature Climate Change},
	author = {Baccini, A. and Goetz, S. J. and Walker, W. S. and Laporte, N. T. and Sun, M. and Sulla-Menashe, D. and Hackler, J. and Beck, P. S. A. and Dubayah, R. and Friedl, M. A. and Samanta, S. and Houghton, R. A.},
	month = jan,
	year = {2012},
	pages = {182--185},
	file = {Services Directory - PantropicBiomassFull(MapServer):/home/and/.mozilla/firefox/qp2mvber.default/zotero/storage/IAFTXNH8/MapServer.html:text/html}
}