
@article{chander_summary_2009,
	title = {Summary of current radiometric calibration coefficients for {Landsat} {MSS}, {TM}, {ETM}+, and {EO}-1 {ALI} sensors},
	volume = {113},
	url = {http://www.sciencedirect.com/science/article/pii/S0034425709000169},
	number = {5},
	urldate = {2016-06-30},
	journal = {Remote sensing of environment},
	author = {Chander, Gyanesh and Markham, Brian L. and Helder, Dennis L.},
	year = {2009},
	pages = {893--903},
	file = {20090027884.pdf:/home/and/.mozilla/firefox/oz8qllgg.default/zotero/storage/EQI5XHIV/20090027884.pdf:application/pdf}
}