@book{bivand2013applied,
  title={Applied Spatial Data Analysis with R},
  author={Bivand, R.S. and Pebesma, E. and G{\'o}mez-Rubio, V.},
  isbn={9781461476184},
  series={Use R!},
  year={2013},
  publisher={Springer}
}
