@book{bivand2013applied,
  title={Applied Spatial Data Analysis with R},
  author={Bivand, R.S. and Pebesma, E. and G{\'o}mez-Rubio, V.},
  isbn={9781461476184},
  series={Use R!},
  year={2013},
  publisher={Springer}
}

@inproceedings{irish2000landsat,
  title={Landsat 7 automatic cloud cover assessment},
  author={Irish, Richard R},
  booktitle={AeroSense 2000},
  pages={348--355},
  year={2000},
  organization={International Society for Optics and Photonics}
}
