@article{baccini2012estimated,
  title={Estimated carbon dioxide emissions from tropical deforestation improved by carbon-density maps},
  author={Baccini, AGSJ and Goetz, SJ and Walker, WS and Laporte, NT and Sun, M and Sulla-Menashe, D and Hackler, J and Beck, PSA and Dubayah, R and Friedl, MA and others},
  journal={Nature Climate Change},
  volume={2},
  number={3},
  pages={182--185},
  year={2012},
  publisher={Nature Publishing Group}
}

@inproceedings{irish2000landsat,
  title={Landsat 7 automatic cloud cover assessment},
  author={Irish, Richard R},
  booktitle={AeroSense 2000},
  pages={348--355},
  year={2000},
  organization={International Society for Optics and Photonics}
}

@misc{kursa2010feature,
  title={Feature selection with the Boruta package},
  author={Kursa, Miron B and Rudnicki, Witold R and others},
  year={2010},
  publisher={Journal}
}

@incollection{cortez2010data,
  title={Data mining with neural networks and support vector machines using the R/rminer tool},
  author={Cortez, Paulo},
  booktitle={Advances in data mining. Applications and theoretical aspects},
  pages={572--583},
  year={2010},
  publisher={Springer}
}